@book{moore2013mathematics,
    title={A mathematics course for political and social research},
    author={Moore, Will H and Siegel, David A},
    year={2013},
    publisher={Princeton University Press}
}
